    @webpage{kyvadlo_img,
      author =       "Krishnavedala",
      title =        " Schematic drawing of an inverted pendulum on a cart.",
      howpublished = "online",
      url =          "https://commons.wikimedia.org/wiki/File:Cart-pendulum.svg",
      cited =        "2025-04-24"
    }

    @MASTERSTHESIS{kyvadlo,
      author = "Sudipta Chakraborty",
      title = "An Experimental study for Stabilization of Inverted Pendulum",
      school = "NATIONAL INSTITUTE OF TECHNOLOGY ROURKELA",
      year = {2014},
      location = {Rourkela, I},
      language = {english},
      cited = "2025-24-04",
      url = {https://core.ac.uk/download/pdf/53190046.pdf}
    }

    @PHDTHESIS{TUM_robot,
      author = "Klaus Albert",
      title = "Control of a Two-Wheeled Balancing Robot",
      school = "Technische Universität München",
      year = {2023},
      location = {Munich, DE},
      language = {english},
      cited = "2025-24-04",
      url = {https://mediatum.ub.tum.de/doc/1714559}
    }

    @MASTERSTHESIS{smart,
      author = "Hasan Alshahrani",
      title = "Smart Two Wheels Balancing Robot",
      school = "College of Science and Engineering ",
      year = {2020},
      location = {Adelaide, Au},
      language = {english},
      cited = "2025-24-04",
      url = {https://core.ac.uk/download/pdf/53190046.pdf}
    }

    @MASTERSTHESIS{kamera,
      author = "Bc. Jiří Jiruška",
      title = "Návrh a řízení samobalancujícího robotu",
      supervisor = "doc. Ing. PETR BLAHA, Ph.D.",
      school = "FAKULTA ELEKTROTECHNIKY A KOMUNIKAČNÍCH
TECHNOLOGIÍ, VUT",
      year = {2016},
      location = {Brno, Cz},
      language = {czech},
      cited = "2025-28-04",
      url = {https://dspace.vut.cz/server/api/core/bitstreams/99b6f4ae-ea9a-403f-a0c9-f82b42a4613e/content}
    }

    @Article{PID,
        author               = "Ing. Petr BLAHA, PhD.",
        title                = "Řízení a regulace I",
        subtitle             = "Základy regulace lineárních systémů  spojité a diskrétní",
        howpublished         = "online",
        address              = "Brno",
        publisher            = "Fakulta elektroniky a komunikačních technologií VUT v Brně",
        cited                = "2025-28-04",
        url                  = "https://www.uamt.fekt.vut.cz/~richter/vyuka/1011_BRR1/texty/brr1.pdf"
    }

    @webpage{handle,
      publisher =       "Robots Guide",
      title =        "Handle",
      howpublished = "online",
      url =          "https://robotsguide.com/robots/handle",
      cited = "2025-24-04",
    }

    @webpage{raspberry,
    publisher =       "Raspberry Pi Foundation",
      title =        "Raspberry Pi hardware",
      howpublished = "online",
      url =          "https://www.raspberrypi.com/documentation/computers/raspberry-pi.html",
      cited = "2025-24-04",
    }

    @webpage{ESP32,
    publisher =       "Hackster",
      title =        "Espressif's New ESP32-S3 Adds AI Features for IoT Devices",
      howpublished = "online",
      url =          "https://www.hackster.io/news/espressif-s-new-esp32-s3-adds-ai-features-for-iot-devices-b42b902abdf5/",
      cited = "2025-24-04",
    }

    @webpage{arduino,
    publisher =       "Arduino",
      title =        "Arduino® UNO R4 WiFi",
      howpublished = "online",
      url =          "https://store.arduino.cc/products/uno-r4-wifi",
      cited = "2025-24-04",
    }

    @webpage{IMU,
    publisher =       "TDK InvenSense",
      title =        "Six-Axis (Gyro + Accelerometer) MEMS MotionTracking™ Device",
      howpublished = "online",
      url =          "https://invensense.tdk.com/products/motion-tracking/6-axis/mpu-6050/",
      cited = "2025-25-04",
    }

    @website{IMU_img,
    publisher =       "Laskakit",
      title =        "3-osý gyroskop a akcelerometr GY-521, MPU6050",
      howpublished = "online",
      url =          "https://www.laskakit.cz/arduino-gyroskop-a-akcelerometr-gy-521--mpu6050/",
      cited =        "2025-25-04"
    }

    @webpage{bat_life,
    publisher =       "Battery University",
      title =        "BU-409: Charging Lithium-ion",
      howpublished = "online",
      url =          "https://batteryuniversity.com/article/bu-409-charging-lithium-ion",
      cited = "2025-26-04",
    }

    @webpage{driver1,
    publisher =       "Handsontec",
      title =        "7A/160W Dual H-Bridge Motor Controller",
      howpublished = "online",
      url =          "https://www.handsontec.com/dataspecs/module/7A-160W%20motor%20control.pdf",
      cited = "2025-26-04",
    }

    @webpage{driver2,
    publisher =       "Neven",
      title =        "MDD20A 20Amp 6V-30V DC Motor Driver (2 kanály)",
      howpublished = "online",
      url =          "https://www.neven.cz/p/mdd20a-20amp-6v-30v-dc-motor-driver-2-channels",
      cited = "2025-26-04",
    }

    @webpage{motor_kolo,
    publisher =       "DFRobot",
      title =        "12V Low noise DC Motor 143RPM w/Encoder",
      howpublished = "online",
      url =          "https://www.dfrobot.com/product-777.html",
      cited = "2025-26-04",
    }

    @webpage{RT,
    publisher =       "Linux Foundation",
      title =        "PREEMPT\_RT Documentation",
      howpublished = "online",
      url =          "https://wiki.linuxfoundation.org/realtime/documentation/start",
      cited = "2025-27-04",
    }

    @webpage{RT_source,
    publisher =       "ROS Realtime",
      title =        "ros-realtime-rpi4-image",
      howpublished = "online",
      url =          "https://github.com/ros-realtime/ros-realtime-rpi4-image",
      cited = "2025-27-04",
    }

    @webpage{server,
    publisher =       "Server Academy",
      title =        "Ubuntu Server vs Desktop",
      howpublished = "online",
      url =          "https://serveracademy.com/blog/ubuntu-server-vs-desktop/",
      cited = "2025-27-04",
    }

    @webpage{encoder,
    publisher =       "Botland",
      title =        "Senzor otáčení, pulsátor, optický kodér",
      howpublished = "online",
      url =          "https://botland.cz/kodery/9381-senzor-otaceni-pulsator-opticky-koder-dfrobot-400p-r-5904422366636.html",
      cited = "2025-28-04",
    }

    @webpage{RTIMULib,
    author =       "RPi-Distro",
      title =        "RTIMULib",
      howpublished = "online",
      url =          "https://github.com/RPi-Distro/RTIMULib",
      cited = "2025-29-04",
    }

    @webpage{ultras,
    publisher =       "MPJA",
      title =        "HC-SR04 User Guide",
      howpublished = "online",
      url =          "https://www.mpja.com/download/hc-sr04_ultrasonic_module_user_guidejohn.pdf",
      cited = "2025-2-05",
    }

    @website{bluedot,
    publisher =       "Blue Dot",
      title =        "Blue Dot",
      howpublished = "online",
      url =          "https://bluedot.readthedocs.io/en/latest/",
      cited =        "2025-05-06"
    }

@article{doi:10.1126/scirobotics.abm6074,
    author = {Steven Macenski and Tully Foote and Brian Gerkey and Chris Lalancette and William Woodall},
    title = {Robot Operating System 2: Design, architecture, and uses in the wild},
    journal = {Science Robotics},
    volume = {7},
    number = {66},
    pages = {eabm6074},
    year = {2022},
    doi = {10.1126/scirobotics.abm6074},
    URL = {https://www.science.org/doi/abs/10.1126/scirobotics.abm6074},
    cited = "2025-27-04",
}